<?xml version="1.0" encoding="utf-8"?>
<record xmlns="http://www.loc.gov/MARC21/slim" xmlns:xsi="http://www.w3.org/2001/XMLSchema-instance" xsi:schemaLocation="http://www.loc.gov/MARC21/slim http://www.loc.gov/standards/marcxml/schema/MARC21slim.xsd">
	<leader>     nam a22     Mi 4500</leader>
	<controlfield tag="001">b12331363</controlfield>
	<controlfield tag="003">UaCaAUL</controlfield>
	<controlfield tag="006">m        d        </controlfield>
	<controlfield tag="007">cr cn |||m|||a</controlfield>
	<controlfield tag="008">200214m19101923ua c    ob    000 0 ara d</controlfield>
	<datafield ind1=" " ind2=" " tag="040">
		<subfield code="a">ZYU</subfield>
		<subfield code="b">ara</subfield>
		<subfield code="e">rda</subfield>
		<subfield code="c">ZYU</subfield>
	</datafield>
	<datafield ind1=" " ind2="4" tag="050">
		<subfield code="a">PJ7515</subfield>
		<subfield code="b">.R5x 1910</subfield>
	</datafield>
	<datafield ind1="1" ind2=" " tag="100">
		<subfield code="6">880-01</subfield>
		<subfield code="a">Rihani, Ameen Fares,</subfield>
		<subfield code="d">1876-1940,</subfield>
		<subfield code="e">author.</subfield>
	</datafield>
	<datafield ind1="1" ind2="3" tag="245">
		<subfield code="6">880-02</subfield>
		<subfield code="a">al-Rīḥānīyāt :</subfield>
		<subfield code="b">wa-hiya majmūʻat maqālāt wa-khuṭab wa-shiʻr manthūr /</subfield>
		<subfield code="c">taʼlīf Amīn Rīḥānī.</subfield>
	</datafield>
	<datafield ind1=" " ind2="1" tag="264">
		<subfield code="6">880-03</subfield>
		<subfield code="a">Bayrūt :</subfield>
		<subfield code="b">ṭubiʻ fī al-Maṭbaʻah al-ʻIlmīyah li-Yūsuf Ṣādir fī Bayrūt,</subfield>
		<subfield code="c">1910-1923.</subfield>
	</datafield>
	<datafield ind1=" " ind2=" " tag="300">
		<subfield code="a">online resource (4 volumes) :</subfield>
		<subfield code="b">portrait</subfield>
	</datafield>
	<datafield ind1=" " ind2=" " tag="336">
		<subfield code="a">text</subfield>
		<subfield code="2">rdacontent</subfield>
	</datafield>
	<datafield ind1=" " ind2=" " tag="337">
		<subfield code="a">computer</subfield>
		<subfield code="2">rdamedia</subfield>
	</datafield>
	<datafield ind1=" " ind2=" " tag="338">
		<subfield code="a">online resource</subfield>
		<subfield code="2">rdacarrier</subfield>
	</datafield>
	<datafield ind1=" " ind2=" " tag="500">
		<subfield code="a">Part of the Arabic Collections Online (ACO) project, contributed by American University in Cairo Library.</subfield>
	</datafield>
	<datafield ind1=" " ind2=" " tag="504">
		<subfield code="a">Includes bibliographical references.</subfield>
	</datafield>
	<datafield ind1="0" ind2=" " tag="505">
		<subfield code="6">880-04</subfield>
		<subfield code="a">al-Juzʼ al-awwal. Yaḥtawī ʻalá maqālāt ijtimāʻīyah adabīyah intiqādīyah wa-budhūr lil-zirāʻīyīn, muṣaddar bi-risālah min khaṭṭ al-muʼallif -- al-Juzʼ al-thānī. Yaḥtawī ʻalá khuṭab wa-maqālāt intiqādīyah wa-shiʻr manthūr, muzayyanan bi-ākhir rasm lil-muʼallif -- al-Juzʼ al-thālith. Yaḥtawī ʻalá maqālāt ijtimāʻīyah adabīyah intiqādīyah wa-khuṭab -- al-Juzʼ  al-rābiʻ. Yaḥtawī ʻalá shiʻr manthūr wa-maqālāt ijtimāʻīyah wa-siyāsīyah.</subfield>
	</datafield>
	<datafield ind1=" " ind2=" " tag="533">
		<subfield code="a">Electronic reproduction.</subfield>
		<subfield code="b">New York, N.Y. :</subfield>
		<subfield code="c">New York University,</subfield>
		<subfield code="d">2020.</subfield>
		<subfield code="5">NNU</subfield>
	</datafield>
	<datafield ind1=" " ind2="0" tag="650">
		<subfield code="a">Arabic literature</subfield>
		<subfield code="x">History and criticism.</subfield>
	</datafield>
	<datafield ind1=" " ind2="7" tag="650">
		<subfield code="a">Arabic literature.</subfield>
		<subfield code="2">fast</subfield>
		<subfield code="0">(OCoLC)fst00812478</subfield>
	</datafield>
	<datafield ind1=" " ind2="7" tag="655">
		<subfield code="a">Criticism, interpretation, etc.</subfield>
		<subfield code="2">fast</subfield>
		<subfield code="0">(OCoLC)fst01411635</subfield>
	</datafield>
	<datafield ind1="2" ind2=" " tag="710">
		<subfield code="a">American University in Cairo.</subfield>
		<subfield code="b">Library.</subfield>
	</datafield>
	<datafield ind1="0" ind2=" " tag="730">
		<subfield code="a">Arabic Collections Online.</subfield>
	</datafield>
	<datafield ind1="0" ind2="8" tag="776">
		<subfield code="i">Print version:</subfield>
		<subfield code="a">Rihani, Ameen Fares, 1876-1940, author.</subfield>
		<subfield code="t">al-Rīḥānīyāt</subfield>
		<subfield code="w">(UaCaAUL)b12331363</subfield>
		<subfield code="w">(OCoLC)60506315</subfield>
	</datafield>
	<datafield ind1="4" ind2="0" tag="856">
		<subfield code="u">http://hdl.handle.net/2333.1/83bk3trn</subfield>
	</datafield>
	<datafield ind1="1" ind2=" " tag="880">
		<subfield code="6">100-01</subfield>
		<subfield code="a">ريحان، امين فارس،</subfield>
		<subfield code="d">1876-1940،</subfield>
		<subfield code="e">author.</subfield>
	</datafield>
	<datafield ind1="1" ind2="2" tag="880">
		<subfield code="6">245-02</subfield>
		<subfield code="a">الريحانيات :</subfield>
		<subfield code="b">وهي مجموعة مقالات وخطب وشعر منثور/</subfield>
		<subfield code="c">تأليف أمين ريحاني.</subfield>
	</datafield>
	<datafield ind1=" " ind2="1" tag="880">
		<subfield code="6">264-03</subfield>
		<subfield code="a">بيروت :</subfield>
		<subfield code="b">طبع في المطبعة العلمية ليوسف صادر في بيروت،</subfield>
		<subfield code="c">1910-1923.</subfield>
	</datafield>
	<datafield ind1="0" ind2=" " tag="880">
		<subfield code="6">505-04</subfield>
		<subfield code="a">الجزء الاول. يحتوي على مقالات اجتماعية ادبية انتقادية وبذور للزراعيين، مصدر برسالة من خط المؤلف -- الجزء الثاني. يحتوي على خطب ومقالات انتقادية وشعر منثور، مزينن بآخر رسم للمؤلف -- الجزء الثالث. يحتوي على مقالات اجتماعية ادبية انتقادية وخطب -- الجزء الرابع. يحتوي على شعر منثور ومقالات اجتماعية وسياسية.</subfield>
	</datafield>
	<datafield ind1=" " ind2=" " tag="959">
		<subfield code="a">NNU</subfield>
		<subfield code="b">WEB</subfield>
		<subfield code="c">GENI</subfield>
		<subfield code="t">0</subfield>
		<subfield code="m">Electronic access</subfield>
		<subfield code="s">01</subfield>
	</datafield>
	<datafield ind1=" " ind2=" " tag="999">
		<subfield code="i">UaCaAUL_b12331363</subfield>
		<subfield code="o">(OCoLC)ocm60506315</subfield>
		<subfield code="s">auc_aco000985:v.1</subfield>
		<subfield code="s">auc_aco000986:v.2</subfield>
		<subfield code="s">auc_aco000987:v.3</subfield>
		<subfield code="s">auc_aco000988:v.4</subfield>
		<subfield code="s">auc_aco000985:v.1</subfield>
		<subfield code="s">auc_aco000986:v.2</subfield>
		<subfield code="s">auc_aco000987:v.3</subfield>
		<subfield code="s">auc_aco000988:v.4</subfield>
	</datafield>
</record>
